<?xml version="1.0" encoding="UTF-8"?>
<collection xmlns:xsi="http://www.w3.org/2001/XMLSchema-instance" xsi:schemaLocation="http://www.loc.gov/MARC21/slim http://www.loc.gov/standards/marcxml/schema/MARC21slim.xsd" xmlns="http://www.loc.gov/MARC21/slim">
<record>
  <leader>01583cam a2200337   4500</leader>
  <controlfield tag="001">3068481</controlfield>
  <controlfield tag="003">NNC</controlfield>
  <controlfield tag="005">20151221160447.0</controlfield>
  <controlfield tag="008">900216s1963    iq a          000 0 ara  </controlfield>
  <datafield tag="010" ind1=" " ind2=" ">
    <subfield code="a">ne 64002019 </subfield>
  </datafield>
  <datafield tag="025" ind1=" " ind2=" ">
    <subfield code="a">PL480:UAR-3848</subfield>
  </datafield>
  <datafield tag="035" ind1=" " ind2=" ">
    <subfield code="a">(OCoLC)ocm21075257</subfield>
  </datafield>
  <datafield tag="035" ind1=" " ind2=" ">
    <subfield code="9">ATP0950CU</subfield>
  </datafield>
  <datafield tag="035" ind1=" " ind2=" ">
    <subfield code="a">(NNC)3068481</subfield>
  </datafield>
  <datafield tag="040" ind1=" " ind2=" ">
    <subfield code="a">DLC</subfield>
    <subfield code="c">WAU</subfield>
    <subfield code="d">WAU</subfield>
    <subfield code="d">ZCU</subfield>
  </datafield>
  <datafield tag="050" ind1="0" ind2=" ">
    <subfield code="a">G93</subfield>
    <subfield code="b">.D5 1923a</subfield>
  </datafield>
  <datafield tag="099" ind1=" " ind2=" ">
    <subfield code="a">893.7D59</subfield>
    <subfield code="a">P33</subfield>
  </datafield>
  <datafield tag="100" ind1="1" ind2=" ">
    <subfield code="a">Dimashqī, Shams al-Dīn Muḥammad ibn Abī Ṭālib,</subfield>
    <subfield code="d">1256 or 1257-1327.</subfield>
  </datafield>
  <datafield tag="245" ind1="1" ind2="0">
    <subfield code="a">Nukhbat ad dahr fî ʾadschâʾib al barr wal bahr,</subfield>
    <subfield code="b">cosmographie</subfield>
    <subfield code="c">publ. par A. Mehren.  Leipzig, O. Harrassowiz, 1923.</subfield>
  </datafield>
  <datafield tag="260" ind1=" " ind2=" ">
    <subfield code="a">[Baghdād,</subfield>
    <subfield code="b">Yuṭlabu min Maktabat al-Muthannā,</subfield>
    <subfield code="c">1963?]</subfield>
  </datafield>
  <datafield tag="300" ind1=" " ind2=" ">
    <subfield code="a">xc, 285 p.</subfield>
    <subfield code="b">illus.</subfield>
    <subfield code="c">30 cm.</subfield>
  </datafield>
  <datafield tag="490" ind1="1" ind2=" ">
    <subfield code="a">Collectio editinum rariorum orientalium noviter impressarum ;</subfield>
    <subfield code="v">2</subfield>
  </datafield>
  <datafield tag="500" ind1=" " ind2=" ">
    <subfield code="a">Title from p. [ii]</subfield>
  </datafield>
  <datafield tag="500" ind1=" " ind2=" ">
    <subfield code="a">At head of title: Ed-Dimichqui.</subfield>
  </datafield>
  <datafield tag="500" ind1=" " ind2=" ">
    <subfield code="a">Cover title: Nukhbat al-dahr fī ʻajāʾib al-barr wa-al-barr wa-al-bahr, taʾlīf Shams al-Dīn Abī ʻAbd Allāh Muḥammad ibn Abī Ṭālib al-Anṣārī al-Dimashqī al-maʻrūf bi-Shaykh al-Rubwah.</subfield>
  </datafield>
  <datafield tag="500" ind1=" " ind2=" ">
    <subfield code="a">Photocopy of the Leipzig ed., which is itself a photocopy of the original publication (St. Petersburg, 1866); t. p. of original publication omitted.</subfield>
  </datafield>
  <datafield tag="650" ind1=" " ind2="0">
    <subfield code="a">Geography, Medieval.</subfield>
  </datafield>
  <datafield tag="700" ind1="1" ind2=" ">
    <subfield code="a">Mehren, A. F.</subfield>
    <subfield code="q">(August Ferdinand),</subfield>
    <subfield code="d">1822-1907.</subfield>
  </datafield>
  <datafield tag="740" ind1="0" ind2=" ">
    <subfield code="a">Nukhbat al-dahr fī ʻajāʾib al-barr wa-al-bahr.</subfield>
  </datafield>
  <datafield tag="830" ind1=" " ind2="0">
    <subfield code="a">Collectio editinum rariorum orientalium noviter impressarum ;</subfield>
    <subfield code="v">2.</subfield>
  </datafield>
  <datafield tag="955" ind1=" " ind2=" ">
    <subfield code="b">0114636158</subfield>
    <subfield code="d">glx</subfield>
    <subfield code="e">893.7D59 P33</subfield>
  </datafield>
</record>
</collection>